@misc{Levine-et-al-2023, 
    url={https://rail.eecs.berkeley.edu/deeprlcourse/deeprlcourse/static/homeworks/hw2.pdf}, 
    journal = {CS285 - Deep Reinforcement Learning}, 
    author = {Levine, Sergey and Stachowicz, Kyle and Myers, Vivek and Hong, Joey and Black, Kevin},
    year = {2023},
} 
@misc{Towers-et-al-2024,
      title={Gymnasium: A Standard Interface for Reinforcement Learning Environments}, 
      author={Mark Towers and Ariel Kwiatkowski and Jordan Terry and John U. Balis and Gianluca De Cola and Tristan Deleu and Manuel Goulão and Andreas Kallinteris and Markus Krimmel and Arjun KG and Rodrigo Perez-Vicente and Andrea Pierré and Sander Schulhoff and Jun Jet Tai and Hannah Tan and Omar G. Younis},
      year={2024},
      eprint={2407.17032},
      archivePrefix={arXiv},
      primaryClass={cs.LG},
      url={https://arxiv.org/abs/2407.17032}, 
}
@misc{Week2,
  title = {Week 2: Foundations of Policy Gradient Methods},
  author = {Beh, Chuen Yang},
  year = {2025},
  file = {/Users/n00bcak/programming/CP2107/reports/wk2/wk2.pdf}
}
@article{Barto-Sutton-Anderson-1983,
  title = {Neuronlike Adaptive Elements That Can Solve Difficult Learning Control Problems},
  author = {Barto, A. G. and Sutton, R. S. and Anderson, C. W.},
  journal = {IEEE Transactions on Systems, Man, and Cybernetics},
  volume = {13},
  number = {5},
  pages = {834-846},
  year = {1983},
  publisher = {IEEE}
}
@misc{Andrychowicz-et-al-2020,
      title={What Matters In On-Policy Reinforcement Learning? A Large-Scale Empirical Study}, 
      author={Marcin Andrychowicz and Anton Raichuk and Piotr Stańczyk and Manu Orsini and Sertan Girgin and Raphael Marinier and Léonard Hussenot and Matthieu Geist and Olivier Pietquin and Marcin Michalski and Sylvain Gelly and Olivier Bachem},
      year={2020},
      eprint={2006.05990},
      archivePrefix={arXiv},
      primaryClass={cs.LG},
      url={https://arxiv.org/abs/2006.05990}, 
}
@article{Sutton-1988,
  title = {Learning to Predict by the Methods of Temporal Differences},
  author = {Sutton, R. S.},
  journal = {Machine Learning},
  volume = {3},
  number = {1},
  pages = {9-44},
  year = {1988},
  publisher = {Springer}
}
@misc{Schulman-et-al-2018,
      title={High-Dimensional Continuous Control Using Generalized Advantage Estimation}, 
      author={John Schulman and Philipp Moritz and Sergey Levine and Michael Jordan and Pieter Abbeel},
      year={2018},
      eprint={1506.02438},
      archivePrefix={arXiv},
      primaryClass={cs.LG},
      url={https://arxiv.org/abs/1506.02438}, 
}
@misc{Goodfellow-et-al-2013,
      title={An Empirical Investigation of Catastrophic Forgetting in Gradient-Based Neural Networks}, 
      author={Ian J. Goodfellow and Mehdi Mirza and Da Xiao and Aaron Courville and Yoshua Bengio},
      year={2015},
      eprint={1312.6211},
      archivePrefix={arXiv},
      primaryClass={stat.ML},
      url={https://arxiv.org/abs/1312.6211}, 
}