@misc{Brown-et-al-2020,
      title={Language Models are Few-Shot Learners}, 
      author={Tom B. Brown and Benjamin Mann and Nick Ryder and Melanie Subbiah and Jared Kaplan and Prafulla Dhariwal and Arvind Neelakantan and Pranav Shyam and Girish Sastry and Amanda Askell and Sandhini Agarwal and Ariel Herbert-Voss and Gretchen Krueger and Tom Henighan and Rewon Child and Aditya Ramesh and Daniel M. Ziegler and Jeffrey Wu and Clemens Winter and Christopher Hesse and Mark Chen and Eric Sigler and Mateusz Litwin and Scott Gray and Benjamin Chess and Jack Clark and Christopher Berner and Sam McCandlish and Alec Radford and Ilya Sutskever and Dario Amodei},
      year={2020},
      eprint={2005.14165},
      archivePrefix={arXiv},
      primaryClass={cs.CL},
      url={https://arxiv.org/abs/2005.14165}, 
}
@misc{tulu3,
      title={Tulu 3: Pushing Frontiers in Open Language Model Post-Training}, 
      author={Nathan Lambert and Jacob Morrison and Valentina Pyatkin and Shengyi Huang and Hamish Ivison and Faeze Brahman and Lester James V. Miranda and Alisa Liu and Nouha Dziri and Shane Lyu and Yuling Gu and Saumya Malik and Victoria Graf and Jena D. Hwang and Jiangjiang Yang and Ronan Le Bras and Oyvind Tafjord and Chris Wilhelm and Luca Soldaini and Noah A. Smith and Yizhong Wang and Pradeep Dasigi and Hannaneh Hajishirzi},
      year={2025},
      eprint={2411.15124},
      archivePrefix={arXiv},
      primaryClass={cs.CL},
      url={https://arxiv.org/abs/2411.15124}, 
}
@misc{grpo,
      title={DeepSeekMath: Pushing the Limits of Mathematical Reasoning in Open Language Models}, 
      author={Zhihong Shao and Peiyi Wang and Qihao Zhu and Runxin Xu and Junxiao Song and Xiao Bi and Haowei Zhang and Mingchuan Zhang and Y. K. Li and Y. Wu and Daya Guo},
      year={2024},
      eprint={2402.03300},
      archivePrefix={arXiv},
      primaryClass={cs.CL},
      url={https://arxiv.org/abs/2402.03300}, 
}
@misc{r1,
      title={DeepSeek-R1: Incentivizing Reasoning Capability in LLMs via Reinforcement Learning}, 
      author={DeepSeek-AI and Daya Guo and Dejian Yang and Haowei Zhang and Junxiao Song and Ruoyu Zhang and Runxin Xu and Qihao Zhu and Shirong Ma and Peiyi Wang and Xiao Bi and Xiaokang Zhang and Xingkai Yu and Yu Wu and Z. F. Wu and Zhibin Gou and Zhihong Shao and Zhuoshu Li and Ziyi Gao and Aixin Liu and Bing Xue and Bingxuan Wang and Bochao Wu and Bei Feng and Chengda Lu and Chenggang Zhao and Chengqi Deng and Chenyu Zhang and Chong Ruan and Damai Dai and Deli Chen and Dongjie Ji and Erhang Li and Fangyun Lin and Fucong Dai and Fuli Luo and Guangbo Hao and Guanting Chen and Guowei Li and H. Zhang and Han Bao and Hanwei Xu and Haocheng Wang and Honghui Ding and Huajian Xin and Huazuo Gao and Hui Qu and Hui Li and Jianzhong Guo and Jiashi Li and Jiawei Wang and Jingchang Chen and Jingyang Yuan and Junjie Qiu and Junlong Li and J. L. Cai and Jiaqi Ni and Jian Liang and Jin Chen and Kai Dong and Kai Hu and Kaige Gao and Kang Guan and Kexin Huang and Kuai Yu and Lean Wang and Lecong Zhang and Liang Zhao and Litong Wang and Liyue Zhang and Lei Xu and Leyi Xia and Mingchuan Zhang and Minghua Zhang and Minghui Tang and Meng Li and Miaojun Wang and Mingming Li and Ning Tian and Panpan Huang and Peng Zhang and Qiancheng Wang and Qinyu Chen and Qiushi Du and Ruiqi Ge and Ruisong Zhang and Ruizhe Pan and Runji Wang and R. J. Chen and R. L. Jin and Ruyi Chen and Shanghao Lu and Shangyan Zhou and Shanhuang Chen and Shengfeng Ye and Shiyu Wang and Shuiping Yu and Shunfeng Zhou and Shuting Pan and S. S. Li and Shuang Zhou and Shaoqing Wu and Shengfeng Ye and Tao Yun and Tian Pei and Tianyu Sun and T. Wang and Wangding Zeng and Wanjia Zhao and Wen Liu and Wenfeng Liang and Wenjun Gao and Wenqin Yu and Wentao Zhang and W. L. Xiao and Wei An and Xiaodong Liu and Xiaohan Wang and Xiaokang Chen and Xiaotao Nie and Xin Cheng and Xin Liu and Xin Xie and Xingchao Liu and Xinyu Yang and Xinyuan Li and Xuecheng Su and Xuheng Lin and X. Q. Li and Xiangyue Jin and Xiaojin Shen and Xiaosha Chen and Xiaowen Sun and Xiaoxiang Wang and Xinnan Song and Xinyi Zhou and Xianzu Wang and Xinxia Shan and Y. K. Li and Y. Q. Wang and Y. X. Wei and Yang Zhang and Yanhong Xu and Yao Li and Yao Zhao and Yaofeng Sun and Yaohui Wang and Yi Yu and Yichao Zhang and Yifan Shi and Yiliang Xiong and Ying He and Yishi Piao and Yisong Wang and Yixuan Tan and Yiyang Ma and Yiyuan Liu and Yongqiang Guo and Yuan Ou and Yuduan Wang and Yue Gong and Yuheng Zou and Yujia He and Yunfan Xiong and Yuxiang Luo and Yuxiang You and Yuxuan Liu and Yuyang Zhou and Y. X. Zhu and Yanhong Xu and Yanping Huang and Yaohui Li and Yi Zheng and Yuchen Zhu and Yunxian Ma and Ying Tang and Yukun Zha and Yuting Yan and Z. Z. Ren and Zehui Ren and Zhangli Sha and Zhe Fu and Zhean Xu and Zhenda Xie and Zhengyan Zhang and Zhewen Hao and Zhicheng Ma and Zhigang Yan and Zhiyu Wu and Zihui Gu and Zijia Zhu and Zijun Liu and Zilin Li and Ziwei Xie and Ziyang Song and Zizheng Pan and Zhen Huang and Zhipeng Xu and Zhongyu Zhang and Zhen Zhang},
      year={2025},
      eprint={2501.12948},
      archivePrefix={arXiv},
      primaryClass={cs.CL},
      url={https://arxiv.org/abs/2501.12948}, 
}
@book{Sutton-and-Barto-1998,
  added-at = {2019-07-13T10:11:53.000+0200},
  author = {Sutton, Richard S. and Barto, Andrew G.},
  biburl = {https://www.bibsonomy.org/bibtex/2f46601cf8b13d39d1378af0d79438b12/lanteunis},
  edition = {Second},
  interhash = {ac6b144aaec1819919a2fba9f705c852},
  intrahash = {f46601cf8b13d39d1378af0d79438b12},
  keywords = {},
  publisher = {The MIT Press},
  timestamp = {2019-07-13T10:11:53.000+0200},
  title = {Reinforcement Learning: An Introduction},
  url = {http://incompleteideas.net/book/the-book-2nd.html},
  year = {2018}
}
@misc{Levine-et-al-2023, 
    url={https://rail.eecs.berkeley.edu/deeprlcourse/}, 
    journal = {CS285 - Deep Reinforcement Learning}, 
    author = {Levine, Sergey and Stachowicz, Kyle and Myers, Vivek and Hong, Joey and Black, Kevin},
    year = {2023},
} 
@article{SpinningUp-2018,
    author = {Achiam, Joshua},
    title = {{Spinning Up in Deep Reinforcement Learning}},
    year = {2018},
    url = {https://spinningup.openai.com/en/latest/}
}
@misc{Zhao-et-al-2023,
      title={A Survey of Large Language Models}, 
      author={Wayne Xin Zhao and Kun Zhou and Junyi Li and Tianyi Tang and Xiaolei Wang and Yupeng Hou and Yingqian Min and Beichen Zhang and Junjie Zhang and Zican Dong and Yifan Du and Chen Yang and Yushuo Chen and Zhipeng Chen and Jinhao Jiang and Ruiyang Ren and Yifan Li and Xinyu Tang and Zikang Liu and Peiyu Liu and Jian-Yun Nie and Ji-Rong Wen},
      year={2025},
      eprint={2303.18223},
      archivePrefix={arXiv},
      primaryClass={cs.CL},
      url={https://arxiv.org/abs/2303.18223}, 
}
@misc{Jurafsky-2024,
      title={Speech and Language Processing}, 
      author={Daniel Jurafsky and James H. Martin},
      year={2024},
      url={https://web.stanford.edu/~jurafsky/slp3/},
      note={Draft of the 3rd edition, available online}
}
@misc{Karpathy-2025,
      url = {https://www.youtube.com/watch?v=7xTGNNLPyMI},
      author = {Andrej Karpathy},
      title = {Deep Dive into LLMs like ChatGPT},
      year = {2025},
}
@misc{Vaswani-et-al-2017,
      title={Attention is all you need}, 
      author={Ashish Vaswani and Noam Shazeer and Niki Parmar and Jakob Uszkoreit and Llion Jones and Aidan N Gomez and Lukasz Kaiser and Illia Polosukhin and Samy Bengio and Yiming Yang},
      year={2017},
      eprint={1706.03762},
      archivePrefix={arXiv},
      primaryClass={cs.CL},
      url={https://arxiv.org/abs/1706.03762}, 
}
@misc{Christiano-et-al-2017,
      title={Deep reinforcement learning from human preferences}, 
      author={Paul Christiano and Jan Leike and Tom B. Brown and Miljan Martic and Shane Legg and Dario Amodei},
      year={2017},
      eprint={1706.03741},
      archivePrefix={arXiv},
      primaryClass={stat.ML},
      url={https://arxiv.org/abs/1706.03741}, 
}
@misc{InstructGPT-2022,
      title={Training language models to follow instructions with human feedback}, 
      author={Long Ouyang and Jeff Wu and Xu Jiang and Diogo Almeida and Wainwright, Carroll L. and Pamela Mishkin and Chong Zhang and Sandhini Agarwal and Katarina Slama and Alex Ray and John Schulman and Jacob Hilton and Fraser Kelton and Luke Miller and Maddie Simens and Amanda Askell and Peter Welinder and Paul Christiano and Jan Leike and Ryan Lowe},
      year={2022},
      eprint={2203.02155},
      archivePrefix={arXiv},
      primaryClass={cs.CL},
      url={https://arxiv.org/abs/2203.02155}, 
}
@misc{wk1,
      author = {Beh, Chuen Yang},
      title = {Week 1: Reinforcement Learning Preliminaries},
      year = {2025},
      url = {../wk1/wk1.pdf},
}
@misc{wk2,
      author = {Beh, Chuen Yang},
      title = {Week 2: Foundations of Policy Gradient Methods},
      year = {2025},
      url = {../wk2/wk2.pdf},
}
@misc{wk3,
      author = {Beh, Chuen Yang},
      title = {Weeks 3 \& 4: Implementing an RL Training Pipeline},
      year = {2025},
      url = {../wk3/wk3.pdf},
}
@misc{wk5,
      author = {Beh, Chuen Yang},
      title = {Week 5: Introducing Large Language Models to a General Audience},
      year = {2025},
      url = {../wk5/wk5.pdf},
}
@misc{wk8,
      author = {Beh, Chuen Yang},
      title = {Week 8: Pre-Training with nanoGPT},
      year = {2025},
      url = {../wk8/wk8.pdf},
}
@misc{wk9,
      author = {Beh, Chuen Yang},
      title = {Week 9: Why RL x LLM Works},
      year = {2025},
      url = {../wk9/wk9.pdf},
}
@misc{wk10,
      author = {Beh, Chuen Yang},
      title = {Week 10: Deep Dive into RLVR with nano-aha-moment},
      year = {2025},
      url = {../wk10/wk10.pdf},
}
@misc{nanoGPT,
      author = {Karpathy, Andrej},
      title = {nanoGPT},
      year = {2022},
      url = {https://github.com/karpathy/nanoGPT}
}
@misc{tinyss,
  author={Karpathy, Andrej},
  title={Tiny Shakespeare},
  year={2015},
  url={https://raw.githubusercontent.com/karpathy/char-rnn/master/data/tinyshakespeare/input.txt}
}
@misc{tinyss2,
  author={Karpathy, Andrej},
  title={The Unreasonable Effectiveness of Recurrent Neural Networks},
  year={2015},
  url={https://karpathy.github.io/2015/05/21/rnn-effectiveness/#Shakespeare}
}
@misc{Weng-2018,
  url = {https://lilianweng.github.io/posts/2018-04-08-policy-gradient/},
  author = {Weng, L.},
  title = {Policy Gradient Algorithms},
  year = {2018},
}
@article{Williams-1992,
  author = {Williams, R. J.},
  journal = {Machine Learning},
  title = {Simple statistical gradient-following algorithms for connectionist reinforcement learning},
  year = {1992},
  url = {https://people.cs.umass.edu/~barto/courses/cs687/williams92simple.pdf}
}
@misc{ppo,
      title={Proximal Policy Optimization Algorithms}, 
      author={John Schulman and Filip Wolski and Prafulla Dhariwal and Alec Radford and Oleg Klimov},
      year={2017},
      eprint={1707.06347},
      archivePrefix={arXiv},
      primaryClass={cs.LG},
      url={https://arxiv.org/abs/1707.06347}, 
}
@misc{radford-et-al-2019,
      title = {Improving Language Understanding by Generative Pre-Training},
      author = {Radford, Alec and Narasimhan, Karthik and Salimans, Tim and Sutskever, Ilya},
      year = {2019},
      url = {https://cdn.openai.com/research-covers/language-unsupervised/language_understanding_paper.pdf}
}
@misc{Towers-et-al-2024,
      title={Gymnasium: A Standard Interface for Reinforcement Learning Environments}, 
      author={Mark Towers and Ariel Kwiatkowski and Jordan Terry and John U. Balis and Gianluca De Cola and Tristan Deleu and Manuel Goulão and Andreas Kallinteris and Markus Krimmel and Arjun KG and Rodrigo Perez-Vicente and Andrea Pierré and Sander Schulhoff and Jun Jet Tai and Hannah Tan and Omar G. Younis},
      year={2024},
      eprint={2407.17032},
      archivePrefix={arXiv},
      primaryClass={cs.LG},
      url={https://arxiv.org/abs/2407.17032}, 
}
@article{contextualbandit,
      title = {The Epoch-Greedy algorithm for contextual multi-armed bandits},
      author = {John Langford and Tong Zhang},
      year = {2008}
}
@misc{Wen-et-al-2024,
      title={Language Models Learn to Mislead Humans via RLHF}, 
      author={Jiaxin Wen and Ruiqi Zhong and Akbir Khan and Ethan Perez and Jacob Steinhardt and Minlie Huang and Samuel R. Bowman and He He and Shi Feng},
      year={2024},
      eprint={2409.12822},
      archivePrefix={arXiv},
      primaryClass={cs.CL},
      url={https://arxiv.org/abs/2409.12822}, 
}
@inproceedings{pitis-2023,
      title={Failure Modes of Learning Reward Models for {LLM}s and other Sequence Models},
      author={Silviu Pitis},
      booktitle={ICML 2023 Workshop The Many Facets of Preference-Based Learning},
      year={2023},
      url={https://openreview.net/forum?id=NjOoxFRZA4}
}
@misc{gae,
      title={High-Dimensional Continuous Control Using Generalized Advantage Estimation}, 
      author={John Schulman and Philipp Moritz and Sergey Levine and Michael Jordan and Pieter Abbeel},
      year={2018},
      eprint={1506.02438},
      archivePrefix={arXiv},
      primaryClass={cs.LG},
      url={https://arxiv.org/abs/1506.02438}, 
}
@misc{gsm8k,
      title={Training Verifiers to Solve Math Word Problems}, 
      author={Karl Cobbe and Vineet Kosaraju and Mohammad Bavarian and Mark Chen and Heewoo Jun and Lukasz Kaiser and Matthias Plappert and Jerry Tworek and Jacob Hilton and Reiichiro Nakano and Christopher Hesse and John Schulman},
      year={2021},
      eprint={2110.14168},
      archivePrefix={arXiv},
      primaryClass={cs.LG},
      url={https://arxiv.org/abs/2110.14168}, 
}
@inproceedings{hf-transformers,
    title = "Transformers: State-of-the-Art Natural Language Processing",
    author = "Thomas Wolf and Lysandre Debut and Victor Sanh and Julien Chaumond and Clement Delangue and Anthony Moi and Pierric Cistac and Tim Rault and Rémi Louf and Morgan Funtowicz and Joe Davison and Sam Shleifer and Patrick von Platen and Clara Ma and Yacine Jernite and Julien Plu and Canwen Xu and Teven Le Scao and Sylvain Gugger and Mariama Drame and Quentin Lhoest and Alexander M. Rush",
    booktitle = "Proceedings of the 2020 Conference on Empirical Methods in Natural Language Processing: System Demonstrations",
    month = oct,
    year = "2020",
    address = "Online",
    publisher = "Association for Computational Linguistics",
    url = "https://www.aclweb.org/anthology/2020.emnlp-demos.6",
    pages = "38--45"
}
@misc{nano-aha-moment,
  author       = {Amirhossein Kazemnejad and Milad Aghajohari and Alessandro Sordoni and Aaron Courville and Siva Reddy},
  title        = {Nano Aha! Moment: Single File "RL for LLM" Library},
  year         = {2025},
  howpublished = {\url{https://github.com/McGill-NLP/nano-aha-moment}},
  note         = {GitHub repository}
}
@misc{Qwen-et-al-2025,
      title={Qwen2.5 Technical Report}, 
      author={Qwen and An Yang and Baosong Yang and Beichen Zhang and Binyuan Hui and Bo Zheng and Bowen Yu and Chengyuan Li and Dayiheng Liu and Fei Huang and Haoran Wei and Huan Lin and Jian Yang and Jianhong Tu and Jianwei Zhang and Jianxin Yang and Jiaxi Yang and Jingren Zhou and Junyang Lin and Kai Dang and Keming Lu and Keqin Bao and Kexin Yang and Le Yu and Mei Li and Mingfeng Xue and Pei Zhang and Qin Zhu and Rui Men and Runji Lin and Tianhao Li and Tianyi Tang and Tingyu Xia and Xingzhang Ren and Xuancheng Ren and Yang Fan and Yang Su and Yichang Zhang and Yu Wan and Yuqiong Liu and Zeyu Cui and Zhenru Zhang and Zihan Qiu},
      year={2025},
      eprint={2412.15115},
      archivePrefix={arXiv},
      primaryClass={cs.CL},
      url={https://arxiv.org/abs/2412.15115}, 
}
@misc{ShorterBetter,
      title={ShorterBetter: Guiding Reasoning Models to Find Optimal Inference Length for Efficient Reasoning}, 
      author={Jingyang Yi and Jiazheng Wang and Sida Li},
      year={2025},
      eprint={2504.21370},
      archivePrefix={arXiv},
      primaryClass={cs.AI},
      url={https://arxiv.org/abs/2504.21370}, 
}