@misc{nanoGPT,
      author = {Karpathy, Andrej},
      title = {nanoGPT},
      year = {2022},
      url = {https://github.com/karpathy/nanoGPT}
}
@misc{wandb,
      title = {Experiment Tracking with Weights and Biases},
      year = {2020},
      note = {Software available from wandb.com},
      url={https://www.wandb.com/},
      author = {Biewald, Lukas},
} 
@misc{tinyss,
  author={Karpathy, Andrej},
  title={Tiny Shakespeare},
  year={2015},
  url={https://raw.githubusercontent.com/karpathy/char-rnn/master/data/tinyshakespeare/input.txt}
}
@misc{tinyss2,
  author={Karpathy, Andrej},
  title={The Unreasonable Effectiveness of Recurrent Neural Networks},
  year={2015},
  url={https://karpathy.github.io/2015/05/21/rnn-effectiveness/#Shakespeare}
}
@misc{beh-2025,
      author = {Beh, Chuen Yang},
      title = {Week 5: Introducing Large Language Models to a General Audience},
      year = {2025},
      url = {../wk5/wk5.pdf},
}
@misc{beh-2025-b,
      author = {Beh, Chuen Yang},
      title = {Week 7: Comparing Base Models and Instruct-Tuned Models},
      year = {2025},
      url = {../wk7/wk.pdf},
}
@misc{radford-et-al-2019,
      title = {Improving Language Understanding by Generative Pre-Training},
      author = {Radford, Alec and Narasimhan, Karthik and Salimans, Tim and Sutskever, Ilya},
      year = {2019},
      url = {https://cdn.openai.com/research-covers/language-unsupervised/language_understanding_paper.pdf}
}
@misc{vaswani-et-al-2017,
      title = {Attention is All You Need},
      author = {Vaswani, Ashish and Shazeer, Noam and Parmar, Niki and Uszkoreit, Jakob and Jones, Llion and Gomez, Aidan N. and Kaiser, Lukasz and Polosukhin, Illia},
      year = {2017},
      url = {https://arxiv.org/abs/1706.03762}
}
@misc{gelu,
      title={Gaussian Error Linear Units (GELUs)}, 
      author={Dan Hendrycks and Kevin Gimpel},
      year={2016},
      eprint={1606.08415},
      archivePrefix={arXiv},
      primaryClass={cs.LG},
      url={https://arxiv.org/abs/1606.08415}, 
}
@misc{xu-et-al-2015,
      title={Empirical Evaluation of Rectified Activations in Convolutional Network}, 
      author={Bing Xu and Naiyan Wang and Tianqi Chen and Mu Li},
      year={2015},
      eprint={1505.00853},
      archivePrefix={arXiv},
      primaryClass={cs.LG},
      url={https://arxiv.org/abs/1505.00853}, 
}
@misc{relu,
      title={Rectified Linear Units Improve Restricted Boltzmann Machines}, 
      author={Vinod Nair and Geoffrey Hinton},
      year={2010},
      url={https://www.cs.toronto.edu/~fritz/absps/reluICML.pdf},
}
@misc{adamw,
      title={Decoupled Weight Decay Regularization}, 
      author={Ilya Loshchilov and Frank Hutter},
      year={2019},
      eprint={1711.05101},
      archivePrefix={arXiv},
      primaryClass={cs.LG},
      url={https://arxiv.org/abs/1711.05101}, 
}