@misc{Qwen-et-al-2025a,
      title={Qwen2.5 Technical Report}, 
      author={Qwen and : and An Yang and Baosong Yang and Beichen Zhang and Binyuan Hui and Bo Zheng and Bowen Yu and Chengyuan Li and Dayiheng Liu and Fei Huang and Haoran Wei and Huan Lin and Jian Yang and Jianhong Tu and Jianwei Zhang and Jianxin Yang and Jiaxi Yang and Jingren Zhou and Junyang Lin and Kai Dang and Keming Lu and Keqin Bao and Kexin Yang and Le Yu and Mei Li and Mingfeng Xue and Pei Zhang and Qin Zhu and Rui Men and Runji Lin and Tianhao Li and Tianyi Tang and Tingyu Xia and Xingzhang Ren and Xuancheng Ren and Yang Fan and Yang Su and Yichang Zhang and Yu Wan and Yuqiong Liu and Zeyu Cui and Zhenru Zhang and Zihan Qiu},
      year={2025},
      eprint={2412.15115},
      archivePrefix={arXiv},
      primaryClass={cs.CL},
      url={https://arxiv.org/abs/2412.15115}, 
}
@misc{Qwen-et-al-2025b,
      title={Qwen3 Technical Report}, 
      author={An Yang and Anfeng Li and Baosong Yang and Beichen Zhang and Binyuan Hui and Bo Zheng and Bowen Yu and Chang Gao and Chengen Huang and Chenxu Lv and Chujie Zheng and Dayiheng Liu and Fan Zhou and Fei Huang and Feng Hu and Hao Ge and Haoran Wei and Huan Lin and Jialong Tang and Jian Yang and Jianhong Tu and Jianwei Zhang and Jianxin Yang and Jiaxi Yang and Jing Zhou and Jingren Zhou and Junyang Lin and Kai Dang and Keqin Bao and Kexin Yang and Le Yu and Lianghao Deng and Mei Li and Mingfeng Xue and Mingze Li and Pei Zhang and Peng Wang and Qin Zhu and Rui Men and Ruize Gao and Shixuan Liu and Shuang Luo and Tianhao Li and Tianyi Tang and Wenbiao Yin and Xingzhang Ren and Xinyu Wang and Xinyu Zhang and Xuancheng Ren and Yang Fan and Yang Su and Yichang Zhang and Yinger Zhang and Yu Wan and Yuqiong Liu and Zekun Wang and Zeyu Cui and Zhenru Zhang and Zhipeng Zhou and Zihan Qiu},
      year={2025},
      eprint={2505.09388},
      archivePrefix={arXiv},
      primaryClass={cs.CL},
      url={https://arxiv.org/abs/2505.09388}, 
}
@misc{Reuters-2025,
      title = {Alibaba unveils advanced Qwen 3 AI as Chinese tech rivalry intensifies},
      url = {https://www.reuters.com/business/media-telecom/alibaba-unveils-advanced-qwen-3-ai-chinese-tech-rivalry-intensifies-2025-04-29/},
      author = {Reuters},
      year = {2025}
}
@misc{Qwen-et-al-2023,
      title={Qwen Technical Report}, 
      author={Jinze Bai and Shuai Bai and Yunfei Chu and Zeyu Cui and Kai Dang and Xiaodong Deng and Yang Fan and Wenbin Ge and Yu Han and Fei Huang and Binyuan Hui and Luo Ji and Mei Li and Junyang Lin and Runji Lin and Dayiheng Liu and Gao Liu and Chengqiang Lu and Keming Lu and Jianxin Ma and Rui Men and Xingzhang Ren and Xuancheng Ren and Chuanqi Tan and Sinan Tan and Jianhong Tu and Peng Wang and Shijie Wang and Wei Wang and Shengguang Wu and Benfeng Xu and Jin Xu and An Yang and Hao Yang and Jian Yang and Shusheng Yang and Yang Yao and Bowen Yu and Hongyi Yuan and Zheng Yuan and Jianwei Zhang and Xingxuan Zhang and Yichang Zhang and Zhenru Zhang and Chang Zhou and Jingren Zhou and Xiaohuan Zhou and Tianhang Zhu},
      year={2023},
      eprint={2309.16609},
      archivePrefix={arXiv},
      primaryClass={cs.CL},
      url={https://arxiv.org/abs/2309.16609}
}
@misc{ChatGPT-2022, 
      url = {https://openai.com/index/chatgpt/},
      author = {OpenAI},
      title = {Introducing ChatGPT},
      year = {2022},
}
@inproceedings{Kwon-et-al-2023,
  title={Efficient Memory Management for Large Language Model Serving with PagedAttention},
  author={Woosuk Kwon and Zhuohan Li and Siyuan Zhuang and Ying Sheng and Lianmin Zheng and Cody Hao Yu and Joseph E. Gonzalez and Hao Zhang and Ion Stoica},
  booktitle={Proceedings of the ACM SIGOPS 29th Symposium on Operating Systems Principles},
  year={2023}
}
@book{Goodfellow-et-al-2016,
    title={Deep Learning},
    author={Ian Goodfellow and Yoshua Bengio and Aaron Courville},
    publisher={MIT Press},
    note={\url{http://www.deeplearningbook.org}},
    year={2016}
}