@misc{nanoGPT,
      author = {Karpathy, Andrej},
      title = {nanoGPT},
      year = {2022},
      url = {https://github.com/karpathy/nanoGPT}
}
@misc{Karpathy-2025,
      url = {https://www.youtube.com/watch?v=7xTGNNLPyMI},
      author = {Andrej Karpathy},
      title = {Deep Dive into LLMs like ChatGPT},
      year = {2025},
}
@misc{Lambert-et-al-2024,
      title={Tulu 3: Pushing Frontiers in Open Language Model Post-Training}, 
      author={Nathan Lambert and Jacob Morrison and Valentina Pyatkin and Shengyi Huang and Hamish Ivison and Faeze Brahman and Lester James V. Miranda and Alisa Liu and Nouha Dziri and Shane Lyu and Yuling Gu and Saumya Malik and Victoria Graf and Jena D. Hwang and Jiangjiang Yang and Ronan Le Bras and Oyvind Tafjord and Chris Wilhelm and Luca Soldaini and Noah A. Smith and Yizhong Wang and Pradeep Dasigi and Hannaneh Hajishirzi},
      year={2025},
      eprint={2411.15124},
      archivePrefix={arXiv},
      primaryClass={cs.CL},
      url={https://arxiv.org/abs/2411.15124}, 
}
@misc{Deepseek-2025,
      title={DeepSeek-R1: Incentivizing Reasoning Capability in LLMs via Reinforcement Learning}, 
      author={DeepSeek-AI and Daya Guo and Dejian Yang and Haowei Zhang and Junxiao Song and Ruoyu Zhang and Runxin Xu and Qihao Zhu and Shirong Ma and Peiyi Wang and Xiao Bi and Xiaokang Zhang and Xingkai Yu and Yu Wu and Z. F. Wu and Zhibin Gou and Zhihong Shao and Zhuoshu Li and Ziyi Gao and Aixin Liu and Bing Xue and Bingxuan Wang and Bochao Wu and Bei Feng and Chengda Lu and Chenggang Zhao and Chengqi Deng and Chenyu Zhang and Chong Ruan and Damai Dai and Deli Chen and Dongjie Ji and Erhang Li and Fangyun Lin and Fucong Dai and Fuli Luo and Guangbo Hao and Guanting Chen and Guowei Li and H. Zhang and Han Bao and Hanwei Xu and Haocheng Wang and Honghui Ding and Huajian Xin and Huazuo Gao and Hui Qu and Hui Li and Jianzhong Guo and Jiashi Li and Jiawei Wang and Jingchang Chen and Jingyang Yuan and Junjie Qiu and Junlong Li and J. L. Cai and Jiaqi Ni and Jian Liang and Jin Chen and Kai Dong and Kai Hu and Kaige Gao and Kang Guan and Kexin Huang and Kuai Yu and Lean Wang and Lecong Zhang and Liang Zhao and Litong Wang and Liyue Zhang and Lei Xu and Leyi Xia and Mingchuan Zhang and Minghua Zhang and Minghui Tang and Meng Li and Miaojun Wang and Mingming Li and Ning Tian and Panpan Huang and Peng Zhang and Qiancheng Wang and Qinyu Chen and Qiushi Du and Ruiqi Ge and Ruisong Zhang and Ruizhe Pan and Runji Wang and R. J. Chen and R. L. Jin and Ruyi Chen and Shanghao Lu and Shangyan Zhou and Shanhuang Chen and Shengfeng Ye and Shiyu Wang and Shuiping Yu and Shunfeng Zhou and Shuting Pan and S. S. Li and Shuang Zhou and Shaoqing Wu and Shengfeng Ye and Tao Yun and Tian Pei and Tianyu Sun and T. Wang and Wangding Zeng and Wanjia Zhao and Wen Liu and Wenfeng Liang and Wenjun Gao and Wenqin Yu and Wentao Zhang and W. L. Xiao and Wei An and Xiaodong Liu and Xiaohan Wang and Xiaokang Chen and Xiaotao Nie and Xin Cheng and Xin Liu and Xin Xie and Xingchao Liu and Xinyu Yang and Xinyuan Li and Xuecheng Su and Xuheng Lin and X. Q. Li and Xiangyue Jin and Xiaojin Shen and Xiaosha Chen and Xiaowen Sun and Xiaoxiang Wang and Xinnan Song and Xinyi Zhou and Xianzu Wang and Xinxia Shan and Y. K. Li and Y. Q. Wang and Y. X. Wei and Yang Zhang and Yanhong Xu and Yao Li and Yao Zhao and Yaofeng Sun and Yaohui Wang and Yi Yu and Yichao Zhang and Yifan Shi and Yiliang Xiong and Ying He and Yishi Piao and Yisong Wang and Yixuan Tan and Yiyang Ma and Yiyuan Liu and Yongqiang Guo and Yuan Ou and Yuduan Wang and Yue Gong and Yuheng Zou and Yujia He and Yunfan Xiong and Yuxiang Luo and Yuxiang You and Yuxuan Liu and Yuyang Zhou and Y. X. Zhu and Yanhong Xu and Yanping Huang and Yaohui Li and Yi Zheng and Yuchen Zhu and Yunxian Ma and Ying Tang and Yukun Zha and Yuting Yan and Z. Z. Ren and Zehui Ren and Zhangli Sha and Zhe Fu and Zhean Xu and Zhenda Xie and Zhengyan Zhang and Zhewen Hao and Zhicheng Ma and Zhigang Yan and Zhiyu Wu and Zihui Gu and Zijia Zhu and Zijun Liu and Zilin Li and Ziwei Xie and Ziyang Song and Zizheng Pan and Zhen Huang and Zhipeng Xu and Zhongyu Zhang and Zhen Zhang},
      year={2025},
      eprint={2501.12948},
      archivePrefix={arXiv},
      primaryClass={cs.CL},
      url={https://arxiv.org/abs/2501.12948}, 
}
@misc{Zhu-et-al-2024,
      title={Principled Reinforcement Learning with Human Feedback from Pairwise or $K$-wise Comparisons}, 
      author={Banghua Zhu and Jiantao Jiao and Michael I. Jordan},
      year={2024},
      eprint={2301.11270},
      archivePrefix={arXiv},
      primaryClass={cs.LG},
      url={https://arxiv.org/abs/2301.11270}, 
}
@misc{beh-2025,
      author = {Beh, Chuen Yang},
      title = {Week 5: Introducing Large Language Models to a General Audience},
      year = {2025},
      url = {../wk5/wk5.pdf},
}
@misc{beh-2025-b,
      author = {Beh, Chuen Yang},
      title = {Week 7: Comparing Base Models and Instruct-Tuned Models},
      year = {2025},
      url = {../wk7/wk.pdf},
}
@misc{beh-2025-c,
      author = {Beh, Chuen Yang},
      title = {Week 1: Reinforcement Learning Preliminaries},
      year = {2025},
      url = {../wk1/wk1.pdf},
}
@misc{InstructGPT-2022,
      title={Training language models to follow instructions with human feedback}, 
      author={Long Ouyang and Jeff Wu and Xu Jiang and Diogo Almeida and Carroll L. Wainwright and Pamela Mishkin and Chong Zhang and Sandhini Agarwal and Katarina Slama and Alex Ray and John Schulman and Jacob Hilton and Fraser Kelton and Luke Miller and Maddie Simens and Amanda Askell and Peter Welinder and Paul Christiano and Jan Leike and Ryan Lowe},
      year={2022},
      eprint={2203.02155},
      archivePrefix={arXiv},
      primaryClass={cs.CL},
      url={https://arxiv.org/abs/2203.02155}, 
}
@misc{Anthropic-2025,
      url = {https://www-cdn.anthropic.com/4263b940cabb546aa0e3283f35b686f4f3b2ff47.pdf},
      author = {Anthropic},
      title = {System Card: Claude Opus 4 \& Claude Sonnet 4},
      year = {2025},
}
@misc{Jones-2021,
    title={Debugging Reinforcement Learning},
    author={Jones, Andy L.},
    howpublished={\url{https://andyljones.com/posts/rl-debugging.html}},
    year={2021}
}
@book{Sutton-and-Barto-1998,
  added-at = {2019-07-13T10:11:53.000+0200},
  author = {Sutton, Richard S. and Barto, Andrew G.},
  biburl = {https://www.bibsonomy.org/bibtex/2f46601cf8b13d39d1378af0d79438b12/lanteunis},
  edition = {Second},
  interhash = {ac6b144aaec1819919a2fba9f705c852},
  intrahash = {f46601cf8b13d39d1378af0d79438b12},
  keywords = {},
  publisher = {The MIT Press},
  timestamp = {2019-07-13T10:11:53.000+0200},
  title = {Reinforcement Learning: An Introduction},
  url = {http://incompleteideas.net/book/the-book-2nd.html},
  year = {2018}
}
@misc{Salimans-and-Chen-2018,
      title={Learning Montezuma's Revenge from a Single Demonstration}, 
      author={Tim Salimans and Richard Chen},
      year={2018},
      eprint={1812.03381},
      archivePrefix={arXiv},
      primaryClass={cs.LG},
      url={https://arxiv.org/abs/1812.03381}, 
}
@misc{Schulman-et-al-2017,
      title={Proximal Policy Optimization Algorithms}, 
      author={John Schulman and Filip Wolski and Prafulla Dhariwal and Alec Radford and Oleg Klimov},
      year={2017},
      eprint={1707.06347},
      archivePrefix={arXiv},
      primaryClass={cs.LG},
      url={https://arxiv.org/abs/1707.06347}, 
}
@misc{Google-2025,
      title={Gemini: A Family of Highly Capable Multimodal Models}, 
      author={Gemini Team et al},
      year={2025},
      eprint={2312.11805},
      archivePrefix={arXiv},
      primaryClass={cs.CL},
      url={https://arxiv.org/abs/2312.11805}, 
}
@article{Bradley-and-Terry-1952,
 ISSN = {00063444, 14643510},
 URL = {http://www.jstor.org/stable/2334029},
 author = {Ralph Allan Bradley and Milton E. Terry},
 journal = {Biometrika},
 number = {3/4},
 pages = {324--345},
 publisher = {[Oxford University Press, Biometrika Trust]},
 title = {Rank Analysis of Incomplete Block Designs: I. The Method of Paired Comparisons},
 volume = {39},
 year = {1952}
}
@misc{Hendrycks-et-al-2021,
      title={Measuring Massive Multitask Language Understanding}, 
      author={Dan Hendrycks and Collin Burns and Steven Basart and Andy Zou and Mantas Mazeika and Dawn Song and Jacob Steinhardt},
      year={2021},
      eprint={2009.03300},
      archivePrefix={arXiv},
      primaryClass={cs.CY},
      url={https://arxiv.org/abs/2009.03300}, 
}
@misc{Radford-et-al-2019,
      title={Language Models are Unsupervised Multitask Learners}, 
      author={Alec Radford and Jeffrey Wu and Rewon Child and David Luan and Dario Amodei and Ilya Sutskever},
      note={OpenAI Blog},
      year={2019},
      url={https://cdn.openai.com/better-language-models/language_models_are_unsupervised_multitask_learners.pdf} 
}
@misc{open-llm-leaderboard-v2,
  author = {Clementine Fourrier and Nathan Habib and Alina Lozovskaya and Konrad Szafer and Thomas Wolf},
  title = {Open LLM Leaderboard v2},
  year = {2024},
  publisher = {Hugging Face},
  url = {https://huggingface.co/spaces/open-llm-leaderboard/open_llm_leaderboard},
}
@misc{Qwen-et-al-2025,
      title={Qwen2.5 Technical Report}, 
      author={Qwen and An Yang and Baosong Yang and Beichen Zhang and Binyuan Hui and Bo Zheng and Bowen Yu and Chengyuan Li and Dayiheng Liu and Fei Huang and Haoran Wei and Huan Lin and Jian Yang and Jianhong Tu and Jianwei Zhang and Jianxin Yang and Jiaxi Yang and Jingren Zhou and Junyang Lin and Kai Dang and Keming Lu and Keqin Bao and Kexin Yang and Le Yu and Mei Li and Mingfeng Xue and Pei Zhang and Qin Zhu and Rui Men and Runji Lin and Tianhao Li and Tianyi Tang and Tingyu Xia and Xingzhang Ren and Xuancheng Ren and Yang Fan and Yang Su and Yichang Zhang and Yu Wan and Yuqiong Liu and Zeyu Cui and Zhenru Zhang and Zihan Qiu},
      year={2025},
      eprint={2412.15115},
      archivePrefix={arXiv},
      primaryClass={cs.CL},
      url={https://arxiv.org/abs/2412.15115}, 
}
@misc{IFEval,
  title={Instruction-Following Evaluation for Large Language Models},
  author={Jeffrey Zhou and Tianjian Lu and Swaroop Mishra and Siddhartha Brahma and Sujoy Basu and Yi Luan and Denny Zhou and Le Hou},
  year={2023},
  eprint={2311.07911},
  archivePrefix={arXiv},
  primaryClass={cs.CL},
  url={https://arxiv.org/abs/2311.07911},
}
@misc{BBH,
  title={Challenging BIG-Bench Tasks and Whether Chain-of-Thought Can Solve Them},
  author={Mirac Suzgun and Nathan Scales and Nathanael Schaerli and Sebastian Gehrmann and Yi Tay and Hyung Won Chung and Aakanksha Chowdhery and Quoc V. Le and Ed H. Chi and Denny Zhou and Jason Wei},
  year={2022},
  eprint={2210.09261},
  archivePrefix={arXiv},
  primaryClass={cs.CL},
  url={https://arxiv.org/abs/2210.09261},
}

@misc{MATH-5,
  title={Measuring Mathematical Problem Solving With the MATH Dataset},
  author={Dan Hendrycks and Collin Burns and Saurav Kadavath and Akul Arora and Steven Basart and Eric Tang and Dawn Song and Jacob Steinhardt},
  year={2021},
  eprint={2103.03874},
  archivePrefix={arXiv},
  primaryClass={cs.LG},
  url={https://arxiv.org/abs/2103.03874},
}
@misc{GPQA,
      title={GPQA: A Graduate-Level Google-Proof Q\&A Benchmark}, 
      author={David Rein and Betty Li Hou and Asa Cooper Stickland and Jackson Petty and Richard Yuanzhe Pang and Julien Dirani and Julian Michael and Samuel R. Bowman},
      year={2023},
      eprint={2311.12022},
      archivePrefix={arXiv},
      primaryClass={cs.AI},
      url={https://arxiv.org/abs/2311.12022}, 
}
@misc{MuSR,
  title={MuSR: Testing the Limits of Chain-of-thought with Multistep Soft Reasoning},
  author={Zayne Sprague and Xi Ye and Kaj Bostrom and Swarat Chaudhuri and Greg Durrett},
  year={2024},
  eprint={2310.16049},
  archivePrefix={arXiv},
  primaryClass={cs.CL},
  url={https://arxiv.org/abs/2310.16049},
}
@misc{MMLU-Pro,
  title={MMLU-Pro: A More Robust and Challenging Multi-Task Language Understanding Benchmark},
  author={Yubo Wang and Xueguang Ma and Ge Zhang and Yuansheng Ni and Abhranil Chandra and Shiguang Guo and Weiming Ren and Aaran Arulraj and Xuan He and Ziyan Jiang and Tianle Li and Max Ku and Kai Wang and Alex Zhuang and Rongqi Fan and Xiang Yue and Wenhu Chen},
  year={2024},
  eprint={2406.01574},
  archivePrefix={arXiv},
  primaryClass={cs.CL},
  url={https://arxiv.org/abs/2406.01574},
}
@misc{Andrychowicz-et-al-2020,
      title={What Matters In On-Policy Reinforcement Learning? A Large-Scale Empirical Study}, 
      author={Marcin Andrychowicz and Anton Raichuk and Piotr Stanczyk and Manu Orsini and Sertan Girgin and Raphael Marinier and Leonard Hussenot and Matthieu Geist and Olivier Pietquin and Marcin Michalski and Sylvain Gelly and Olivier Bachem},
      year={2020},
      eprint={2006.05990},
      archivePrefix={arXiv},
      primaryClass={cs.LG},
      url={https://arxiv.org/abs/2006.05990}, 
}
@misc{Christiano-et-al-2017,
      title={Deep reinforcement learning from human preferences}, 
      author={Paul Christiano and Jan Leike and Tom B. Brown and Miljan Martic and Shane Legg and Dario Amodei},
      year={2017},
      eprint={1706.03741},
      archivePrefix={arXiv},
      primaryClass={stat.ML},
      url={https://arxiv.org/abs/1706.03741}, 
}
@misc{Vieillard-et-al-2020,
      title={Leveraging the Average: an Analysis of KL Regularization in Reinforcement Learning},
      author={Vieillard, Nino and Kozuno, Tadashi and Scherrer, Bruno and Pietquin, Olivier and Munos, Rémi and Geist, Matthieu},
      year={2020},
      eprint={2003.14089},
      archivePrefix={arXiv},
      primaryClass={cs.LG},
      url={https://arxiv.org/abs/2003.14089}, 
}
@book{Bellman-1957,
  title={Dynamic Programming},
  author={Bellman, Richard},
  year={1957},
  publisher={Princeton University Press},
  isbn={978-0-486-42809-3},
  note={Dover paperback edition (2003)}
}
@misc{openai-rew-hacking,
  url={https://openai.com/index/faulty-reward-functions/},
  author={OpenAI},
  title={Faulty Reward Functions},
  year={2016},
}