@book{Goodfellow-et-al-2016,
    title={Deep Learning},
    author={Ian Goodfellow and Yoshua Bengio and Aaron Courville},
    publisher={MIT Press},
    note={\url{http://www.deeplearningbook.org}},
    year={2016}
}
@misc{Levine-et-al-2023, 
    url={https://rail.eecs.berkeley.edu/deeprlcourse/}, 
    journal = {CS285 - Deep Reinforcement Learning}, 
    author = {Levine, Sergey and Stachowicz, Kyle and Myers, Vivek and Hong, Joey and Black, Kevin},
    year = {2023},
} 
@misc{Muller-2023, 
    title={The Fastest Maze-Solving Competition On Earth }, 
    url={https://www.youtube.com/watch?v=ZMQbHMgK2rw}, 
    journal={YouTube}, 
    publisher={YouTube}, 
    author={Muller, Derek},
    year={2023}
} 
@article{SpinningUp-2018,
    author = {Achiam, Joshua},
    title = {{Spinning Up in Deep Reinforcement Learning}},
    year = {2018}
}
@book{Sutton-and-Barto-1998,
  added-at = {2019-07-13T10:11:53.000+0200},
  author = {Sutton, Richard S. and Barto, Andrew G.},
  biburl = {https://www.bibsonomy.org/bibtex/2f46601cf8b13d39d1378af0d79438b12/lanteunis},
  edition = {Second},
  interhash = {ac6b144aaec1819919a2fba9f705c852},
  intrahash = {f46601cf8b13d39d1378af0d79438b12},
  keywords = {},
  publisher = {The MIT Press},
  timestamp = {2019-07-13T10:11:53.000+0200},
  title = {Reinforcement Learning: An Introduction},
  url = {http://incompleteideas.net/book/the-book-2nd.html},
  year = {2018}
}
@book{underactuated-2023,
  title        = "Underactuated Robotics",
  subtitle     = "Algorithms for Walking, Running, Swimming, Flying, and Manipulation",
  howpublished = "Course Notes for MIT 6.832",
  author       = "Tedrake, Russ",
  year         = 2023,
  url          = "https://underactuated.csail.mit.edu",
}