@book{Goodfellow-et-al-2016,
    title={Deep Learning},
    author={Ian Goodfellow and Yoshua Bengio and Aaron Courville},
    publisher={MIT Press},
    note={\url{http://www.deeplearningbook.org}},
    year={2016}
}
@misc{Levine-et-al-2023, 
    url={https://rail.eecs.berkeley.edu/deeprlcourse/}, 
    journal = {CS285 - Deep Reinforcement Learning}, 
    author = {Levine, Sergey and Stachowicz, Kyle and Myers, Vivek and Hong, Joey and Black, Kevin},
    year = {2023},
} 
@article{SpinningUp-2018,
    author = {Achiam, Joshua},
    title = {{Spinning Up in Deep Reinforcement Learning}},
    year = {2018}
}
@book{Sutton-and-Barto-1998,
  added-at = {2019-07-13T10:11:53.000+0200},
  author = {Sutton, Richard S. and Barto, Andrew G.},
  biburl = {https://www.bibsonomy.org/bibtex/2f46601cf8b13d39d1378af0d79438b12/lanteunis},
  edition = {Second},
  interhash = {ac6b144aaec1819919a2fba9f705c852},
  intrahash = {f46601cf8b13d39d1378af0d79438b12},
  keywords = {},
  publisher = {The MIT Press},
  timestamp = {2019-07-13T10:11:53.000+0200},
  title = {Reinforcement Learning: An Introduction},
  url = {http://incompleteideas.net/book/the-book-2nd.html},
  year = {2018}
}
@misc{Weng-2018,
  url = {https://lilianweng.github.io/posts/2018-04-08-policy-gradient/},
  author = {Weng, L.},
  title = {Policy Gradient Algorithms},
  year = {2018},
}

@article{Williams-1992,
  author = {Williams, R. J.},
  journal = {Machine Learning},
  title = {Simple statistical gradient-following algorithms for connectionist reinforcement learning},
  year = 1992,
  url = {https://people.cs.umass.edu/~barto/courses/cs687/williams92simple.pdf}
}

@misc{Takeshi-2017,
  url = {https://danieltakeshi.github.io/2017/03/28/going-deeper-into-reinforcement-learning-fundamentals-of-policy-gradients/},
  author = {Takeshi, Daniel},
  title = {Going Deeper into Reinforcement Learning: Fundamentals of Policy Gradients},
  year = {2017},
}

@article{Wu-et-al-2018,
  title={Variance Reduction for Policy Gradient with Action-Dependent Factorized Baselines},
  author={Cathy Wu and Aravind Rajeswaran and Yan Duan and Vikash Kumar and Alexandre M. Bayen and Sham M. Kakade and Igor Mordatch and P. Abbeel},
  journal={ArXiv},
  year={2018},
  url={https://arxiv.org/abs/1803.07246}
}

@article{Schulman-et-al-2015,
  title = 	 {Trust Region Policy Optimization},
  author = 	 {Schulman, John and Levine, Sergey and Abbeel, Pieter and Jordan, Michael and Moritz, Philipp},
  url = 	 {https://arxiv.org/pdf/1502.05477},
  journal = {ArXiV},
  year = {2015},
}

@article{Schulman-et-al-2017,
  author = {Schulman, John and Wainwright, Martin and Abbeel, Pieter},
  journal = {ArXiv},
  number = {1707.06347},
  title = {Equivalence Between Policy Gradient and Q-Learning},
  url = {https://arxiv.org/abs/1707.06347},
  year = {}
}

@article{Schulman-et-al-2016,
  title = {High-Dimensional Continuous Control Using Generalized Advantage Estimation},
  author = {Schulman, John and Moritz, Philipp and Levine, Sergey and Jordan, Michael and Abbeel, Pieter},
  journal = {ArXiv},
  year = {2016},
  url = {https://arxiv.org/abs/1506.02438}
}